<record><leader>00000cas a22000007a 4500</leader><controlfield tag="001">9313488</controlfield><controlfield tag="008">830316d18601868mauwr ne      0    0eng d</controlfield><datafield ind1=" " ind2=" " tag="010"><subfield code="a">sn 83020239 </subfield></datafield><datafield ind1=" " ind2=" " tag="040"><subfield code="a">NPX</subfield><subfield code="b">eng</subfield><subfield code="c">NPX</subfield><subfield code="d">NPA</subfield><subfield code="d">DLC</subfield><subfield code="d">MGN</subfield><subfield code="d">NVF</subfield><subfield code="d">MGN</subfield><subfield code="d">OCL</subfield><subfield code="d">OCLCQ</subfield><subfield code="d">OCLCF</subfield><subfield code="d">OCLCO</subfield></datafield><datafield ind1=" " ind2=" " tag="042"><subfield code="a">msc</subfield></datafield><datafield ind1="0" ind2="0" tag="050"><subfield code="a">Newspaper 8351</subfield></datafield><datafield ind1="0" ind2="0" tag="245"><subfield code="a">South Danvers wizard.</subfield></datafield><datafield ind1="1" ind2="3" tag="246"><subfield code="a">Wizard</subfield></datafield><datafield ind1=" " ind2=" " tag="260"><subfield code="a">South Danvers [Peabody] Mass. :</subfield><subfield code="b">C.D. Howard,</subfield></datafield><datafield ind1=" " ind2=" " tag="300"><subfield code="a">v.</subfield></datafield><datafield ind1=" " ind2=" " tag="310"><subfield code="a">Weekly</subfield></datafield><datafield ind1="0" ind2=" " tag="362"><subfield code="a">Vol. 2, no. 1 (Dec. 5, 1860)-v. 9, no. 19 (May 13, 1868).</subfield></datafield><datafield ind1=" " ind2="0" tag="651"><subfield code="a">Peabody (Mass.)</subfield><subfield code="v">Newspapers.</subfield></datafield><datafield ind1=" " ind2="7" tag="655"><subfield code="a">Newspapers.</subfield><subfield code="2">fast</subfield><subfield code="0">(OCoLC)fst01423814</subfield></datafield><datafield ind1=" " ind2="7" tag="651"><subfield code="a">Massachusetts</subfield><subfield code="z">Peabody.</subfield><subfield code="2">fast</subfield><subfield code="0">(OCoLC)fst01218271</subfield></datafield><datafield ind1=" " ind2=" " tag="752"><subfield code="a">United States</subfield><subfield code="b">Massachusetts</subfield><subfield code="c">Essex</subfield><subfield code="d">Peabody.</subfield></datafield><datafield ind1="0" ind2="0" tag="780"><subfield code="t">Wizard</subfield><subfield code="w">(DLC)sn 83020238</subfield></datafield><datafield ind1="0" ind2="0" tag="785"><subfield code="t">Peabody press (Peabody, Mass. : 1868)</subfield><subfield code="w">(DLC)sn 83020240</subfield></datafield></record>